%% This BibTeX bibliography file was created using BibDesk.
%% http://bibdesk.sourceforge.net/
% Encoding: UTF-8

@mastersthesis{TEXT01,
    author = {Svensson, Marlene},
    year = {2008},
    title = {A CFD Investigation of a Generic Bump and its Application to a Diverterless Supersonic Inlet},
    url={https://api.semanticscholar.org/CorpusID:107499280},
    school = {Link√∂ping University, Department of Management and Engineering}
}
@inproceedings{AroMontes,
author = {Chandler, Frank and Montes, Ricardo},
year = {2019},
month = {08},
booktitle = {},
title = {A CFD Investigation of a Diverterless Supersonic Inlet of Ellipsoidal Entrance Shape},
doi = {10.2514/6.2019-4274}
}
